<record><leader>00000cas a22000007a 4500</leader><controlfield tag="001">18750259</controlfield><controlfield tag="008">881111d18801888lauwr ne      0    0fre d</controlfield><datafield ind1=" " ind2=" " tag="010"><subfield code="a">sn 88064694 </subfield></datafield><datafield ind1=" " ind2=" " tag="040"><subfield code="a">LNP</subfield><subfield code="b">eng</subfield><subfield code="c">LNP</subfield><subfield code="d">OCLCQ</subfield><subfield code="d">OCLCF</subfield><subfield code="d">OCLCO</subfield><subfield code="d">OCLCQ</subfield></datafield><datafield ind1="0" ind2=" " tag="041"><subfield code="a">fre</subfield><subfield code="a">eng</subfield></datafield><datafield ind1=" " ind2=" " tag="042"><subfield code="a">msc</subfield></datafield><datafield ind1=" " ind2=" " tag="043"><subfield code="a">n-us-la</subfield></datafield><datafield ind1="0" ind2="3" tag="245"><subfield code="a">Le Foyer creole.</subfield></datafield><datafield ind1="3" ind2="0" tag="246"><subfield code="a">Creole fireside</subfield></datafield><datafield ind1=" " ind2=" " tag="260"><subfield code="a">Convent P.O., Paroisse de St. Jacques, La. :</subfield><subfield code="b">A. de la Peichardiere, F. Dicharry,</subfield><subfield code="c">1880-1888.</subfield></datafield><datafield ind1=" " ind2=" " tag="300"><subfield code="a">volumes</subfield></datafield><datafield ind1=" " ind2=" " tag="310"><subfield code="a">Weekly</subfield></datafield><datafield ind1=" " ind2=" " tag="336"><subfield code="a">text</subfield><subfield code="b">txt</subfield><subfield code="2">rdacontent</subfield></datafield><datafield ind1=" " ind2=" " tag="337"><subfield code="a">unmediated</subfield><subfield code="b">n</subfield><subfield code="2">rdamedia</subfield></datafield><datafield ind1=" " ind2=" " tag="338"><subfield code="a">volume</subfield><subfield code="b">nc</subfield><subfield code="2">rdacarrier</subfield></datafield><datafield ind1="0" ind2=" " tag="362"><subfield code="a">1e&#768;re anne&#769;e (22 dbre. 1880)-8me. anne&#769;e, no 38 (8 sept. 1888).</subfield></datafield><datafield ind1=" " ind2=" " tag="546"><subfield code="a">In French and English.</subfield></datafield><datafield ind1=" " ind2=" " tag="588"><subfield code="a">Description based on: 29 dbre. 1880.</subfield></datafield><datafield ind1=" " ind2="0" tag="651"><subfield code="a">Convent (La.)</subfield><subfield code="v">Newspapers.</subfield></datafield><datafield ind1=" " ind2="7" tag="651"><subfield code="a">Louisiana</subfield><subfield code="z">Convent.</subfield><subfield code="2">fast</subfield><subfield code="0">(OCoLC)fst01282003</subfield></datafield><datafield ind1=" " ind2="7" tag="655"><subfield code="a">Newspapers.</subfield><subfield code="2">fast</subfield><subfield code="0">(OCoLC)fst01423814</subfield></datafield><datafield ind1=" " ind2=" " tag="752"><subfield code="a">United States</subfield><subfield code="b">Louisiana</subfield><subfield code="c">Saint James</subfield><subfield code="d">Convent.</subfield></datafield><datafield ind1="0" ind2="0" tag="785"><subfield code="t">Interim (Convent, La.)</subfield><subfield code="w">(DLC)sn 88064695</subfield></datafield><datafield ind1="1" ind2=" " tag="029"><subfield code="a">AU@</subfield><subfield code="b">000025988227</subfield></datafield></record>